@misc{xp,
author={{Microsoft}},
title={Edit Text Using Gestures},
url={http://www.microsoft.com/windowsxp/using/tabletpc/learnmore/gestures.mspx},
year = 2002,
 note = {Last checked March 2011}
 }

@misc{kinect,
author={{Microsoft Corp.}},
title={Kinect},
url={http://www.xbox.com/en-US/kinect},
 note = {Last checked March 2011}
}

@inproceedings{frameworks,
	address = {Berlin},
        author = {Dietrich Kammer and Georg Freitag and Mandy Keck and Markus Wacker}, 
	title = {Taxonomy and Overview of Multi-touch Frameworks: Architecture, Scope and Features},
	booktitle = {Workshop on Engineering Patterns for Multitouch Interfaces},
        year = {2010}
}

@inproceedings{wii,
title={Interactive Mixing Using {Wii} Controller},
author={Rod Selfridge and Josh Reiss},
booktitle={Proceedings of the 130th Convention of the AES},
year=2010,
note={In print}
}

@inproceedings{Wu:2006:GRR:1109723.1110635,
 author = {Wu, Mike and Shen, Chia and Ryall, Kathy and Forlines, Clifton and Balakrishnan, Ravin},
 title = {Gesture Registration, Relaxation, and Reuse for Multi-Point Direct-Touch Surfaces},
 booktitle = {Proceedings of IEEE TABLETOP},
 year = {2006},
 isbn = {0-7695-2494-X},
 pages = {185--192},
 numpages = {8},
 acmid = {1110635},
 publisher = {IEEE Computer Society},
 address = {Washington, DC, USA},
} 

@inproceedings{fatigue,
 author = {Yee, Wendy},
 title = {Potential Limitations of Multi-touch Gesture Vocabulary: Differentiation, Adoption, Fatigue},
 booktitle = {Proceedings of HCI International. Part II: Novel Interaction Methods and Techniques},
 year = {2009},
 isbn = {978-3-642-02576-1},
 location = {San Diego, CA},
 pages = {291--300},
 numpages = {10},
 acmid = {1601193},
 publisher = {Springer-Verlag},
 address = {Berlin, Heidelberg},
 keywords = {Interaction design, gestures, multi-touch, software design},
} 

@misc{ocgm,
author={Ron George and Joshua Blake},
title={Objects, Containers, Gestures, and Manipulations: 
Universal Foundational Metaphors of Natural User Interfaces},
year = 2010,
howpublished={SIGCHI 2010 Workshop on Natural User Interfaces}
}

@book{DGI,
 author = {Dan Saffer},
 title = {Designing Gestural Interfaces},
 year = {2008},
 isbn = {0596518390, 9780596518394},
 publisher = {O'Reilly Media, Inc.},
} 

@book{THI,
 author = {Jef Raskin},
 title = {The Humane Interface},
 year = {2000},
 isbn = {0-201-37937-6},
 publisher = {ACM Press/Addison-Wesley Publishing Co.},
}

@unpublished{ConductorInterview,
author = {Wincent Balin},
title = {Short interview with the conductor of Oldenburger Jugendchor},
month = {03},
year = {2011}
}

@inproceedings{Bott:2009:EGI:1536513.1536527,
 author = {Bott, Jared N. and Crowley, James G. and LaViola,Jr., Joseph J.},
 title = {Exploring 3D gestural interfaces for music creation in video games},
 booktitle = {Proceedings of FDG},
 year = {2009},
 isbn = {978-1-60558-437-9},
 location = {Orlando, Florida},
 pages = {18--25},
 numpages = {8},
 acmid = {1536527},
 publisher = {ACM},
 address = {New York, NY, USA},
 keywords = {3D gestural interfaces, Wii remote, music, user evaluation, video games},
}

@article{Norman:2010:GIS:1836216.1836228,
 author = {Norman, Donald A. and Nielsen, Jakob},
 title = {Gestural interfaces: a step backward in usability},
 journal = {Interactions},
 issue_date = {September + October 2010},
 volume = {17},
 issue = {5},
 month = {September},
 year = {2010},
 issn = {1072-5520},
 pages = {46--49},
 numpages = {4},
 acmid = {1836228},
 publisher = {ACM},
 address = {New York, NY, USA},
}

@inproceedings{Akers:2007:ODM:1240866.1240868,
 author = {Akers, David L.},
 title = {Observation-based design methods for gestural user interfaces},
 booktitle = {Proceedings of CHI Extended Abstracts},
 series = {CHI EA '07},
 year = {2007},
 isbn = {978-1-59593-642-4},
 location = {San Jose, CA, USA},
 pages = {1625--1628},
 numpages = {4},
 acmid = {1240868},
 publisher = {ACM},
 address = {New York, NY, USA},
 keywords = {brainstorming, gestural user interfaces, observation-based design, usage log analysis},
}

@inproceedings{Vaisanen:2010:SAM:1930488.1930514,
 author = {V\"{a}is\"{a}nen, Jussi and Jauhiainen, Juhana},
 title = {Seq1: an alaetoric music sequencer for the realtime creation of soundscapes},
 booktitle = {Proceedings of MindTrek},
 series = {MindTrek '10},
 year = {2010},
 isbn = {978-1-4503-0011-7},
 location = {Tampere, Finland},
 pages = {127--129},
 numpages = {3},
 acmid = {1930514},
 publisher = {ACM},
 address = {New York, NY, USA},
 keywords = {aleatoric music, interactive music, live performance, music sequencer},
}

@article{doi:10.1017/S1355771809000302,
 author = {Essl, Georg and Rohs, Michael},
 title = {Interactivity for Mobile Music-Making},
 year = {2009},
 journal = {Organised Sound},
 volume = {14},
 pages = {197--207}
}

@inproceedings{Bailly:2008:MM:1512714.1512746,
 author = {Bailly, Gilles and Demeure, Alexandre and Lecolinet, Eric and Nigay, Laurence},
 title = {MultiTouch menu (MTM)},
 booktitle = {Proceedings of IHM},
 year = {2008},
 isbn = {978-1-60558-285-6},
 location = {Metz, France},
 pages = {165--168},
 numpages = {4},
 acmid = {1512746},
 publisher = {ACM},
 address = {New York, NY, USA},
 keywords = {menu techniques, multi-touch, tabletop},
}

@inproceedings{Seow:2009:MSC:1520340.1520736,
 author = {Seow, Steven C. and Wixon, Dennis and MacKenzie, Scott and Jacucci, Giulio and Morrison, Ann and Wilson, Andy},
 title = {Multitouch and surface computing},
 booktitle = {Proceedings of CHI Extended Abstracts},
 year = {2009},
 isbn = {978-1-60558-247-4},
 location = {Boston, MA, USA},
 pages = {4767--4770},
 numpages = {4},
 acmid = {1520736},
 publisher = {ACM},
 address = {New York, NY, USA},
 keywords = {NUI, multitouch, natural user interface, surface computing, touch computing},
}

@inproceedings{Forlines:2007:DVM:1240624.1240726,
 author = {Forlines, Clifton and Wigdor, Daniel and Shen, Chia and Balakrishnan, Ravin},
 title = {Direct-touch vs. mouse input for tabletop displays},
 booktitle = {Proceedings of CHI},
 year = {2007},
 isbn = {978-1-59593-593-9},
 location = {San Jose, California, USA},
 pages = {647--656},
 numpages = {10},
 acmid = {1240726},
 publisher = {ACM},
 address = {New York, NY, USA},
 keywords = {bimanual input, direct-touch interfaces, multiple mice, tabletop computing},
}

@inproceedings{Appert:2009:USC:1518701.1519052,
 author = {Appert, Caroline and Zhai, Shumin},
 title = {Using strokes as command shortcuts: cognitive benefits and toolkit support},
 booktitle = {Proceedings of CHI},
 year = {2009},
 isbn = {978-1-60558-246-7},
 location = {Boston, MA, USA},
 pages = {2289--2298},
 numpages = {10},
 acmid = {1519052},
 publisher = {ACM},
 address = {New York, NY, USA},
 keywords = {gesture, shortcuts, stroke, toolkit},
}

@inproceedings{Lee:2009:EEP:1520340.1520667,
 author = {Lee, Sang-Su and Lee, Woohun},
 title = {Exploring effectiveness of physical metaphor in interaction design},
 booktitle = {Proceedings of CHI Extended Abstracts},
 series = {CHI EA '09},
 year = {2009},
 isbn = {978-1-60558-247-4},
 location = {Boston, MA, USA},
 pages = {4363--4368},
 numpages = {6},
 acmid = {1520667},
 publisher = {ACM},
 address = {New York, NY, USA},
 keywords = {inertial scroll, interaction design, interaction styles, interface design, physical metaphor},
}

@inproceedings{Wigdor:2010:ANU:1842993.1842997,
 author = {Wigdor, Daniel},
 title = {Architecting next-generation user interfaces},
 booktitle = {Proceedings of AVI},
 year = {2010},
 isbn = {978-1-4503-0076-6},
 location = {Roma, Italy},
 pages = {16--22},
 numpages = {7},
 acmid = {1842997},
 publisher = {ACM},
 address = {New York, NY, USA},
 keywords = {Keywords are your own designated keywords},
}

@inproceedings{Kammer:2010:TFM:1936652.1936662,
 author = {Kammer, Dietrich and Wojdziak, Jan and Keck, Mandy and Groh, Rainer and Taranko, Severin},
 title = {Towards a formalization of multi-touch gestures},
 booktitle = {Proceedings of ACM ITS},
 year = {2010},
 isbn = {978-1-4503-0399-6},
 location = {Saarbr{\"{u}}cken, Germany},
 pages = {49--58},
 numpages = {10},
 acmid = {1936662},
 publisher = {ACM},
 address = {New York, NY, USA},
 keywords = {formalization, gestures, interaction, multi-touch, standardization}
}

@misc{ecs11149,
   title = {A Taxonomy of Gestures in Human Computer Interactions},
          author = {Maria Karam and M. C. Schraefel},
            year = {2005},
            howpublished={Technical Report ECSTR-IAM05-009, Electronics and Computer Science, University of Southampton}
}

@inproceedings{Freeman:2009:SVI:1731903.1731935,
 author = {Freeman, Dustin and Benko, Hrvoje and Morris, Meredith Ringel and Wigdor, Daniel},
 title = {ShadowGuides: visualizations for in-situ learning of multi-touch and whole-hand gestures},
 booktitle = {Proceedings of the ACM ITS},
 year = {2009},
 isbn = {978-1-60558-733-2},
 location = {Banff, Alberta, Canada},
 pages = {165--172},
 numpages = {8},
 acmid = {1731935},
 publisher = {ACM},
 address = {New York, NY, USA},
 keywords = {displacement, gesture learning, marking menus, multi-finger},
}

@article{Ko:1997:FMG:1651225.1651231,
 author = {Ko, Byong K. and Yang, Hyun S.},
 title = {Finger mouse and gesture recognition system as a new human computer interface},
 journal = {Computers and Graphics},
 volume = {21},
 issue = {5},
 month = {September},
 year = {1997},
 issn = {0097-8493},
 pages = {555--561},
 numpages = {7},
 acmid = {1651231},
 publisher = {Pergamon Press, Inc.},
 address = {Elmsford, NY, USA},
}

@misc{OperaGestures,
author={{Opera Software}},
 title = {Opera Gestures Tutorial},
 url = {http://www.opera.com/browser/tutorials/gestures/},
 note = {Last checked March 2011}
}

@misc{WikipediaMouseGesture,
 title = {Pointing device gesture - Wikipedia, the free encyclopedia},
 url = {http://en.wikipedia.org/wiki/Mouse_gesture},
 note = {Last checked March 2011}
}

@misc{FirefoxGestureExtensions,
author={{Mozilla Corp.}},
 title = {Add-on Search Results for gesture: Add-ons for Firefox},
 url = {https://addons.mozilla.org/en-US/firefox/search/?q=gesture},
 note = {Last checked March 2011}
}

@misc{InternetExplorerGestures,
author={Ralph Hare},
 title = {Mouse Gestures for {I}nternet {E}xplorer},
 url = {http://www.ysgyfarnog.co.uk/utilities/mousegestures/},
 note = {Last checked March 2011}
}

@misc{StepPolyArp,
author={Laurent Colson},
 title = {Step{P}oly{A}rp -- {MIDI} Step Polyphonic Arpeggiator for i{P}ad},
 url = {http://laurentcolson.com/steppolyarp.html},
 note = {Last checked March 2011}
}

@misc{StepPolyArpManual,
author={Laurent Colson},
 title = {Step{P}oly{A}rp {M}anual},
 url = {http://laurentcolson.com/medias/StepPolyArp/en/StepPolyArp.pdf},
 note = {Last checked March 2011}
}

@misc{Gesturecons,
author={Ryan Lee},
 title = {Gesturecons -- Icons For Multi-Touch Interfaces},
 url = {http://www.gesturecons.com/},
 note = {Last checked March 2011}
}

@misc{Gestureworks,
author={{GestureWorks}},
 title = {Gesture{W}orks -- Open Source Multitouch Gesture Library and Illustrations},
 url = {http://gestureworks.com/features/open-source-gestures/},
 note = {Last checked March 2011}
}

@inproceedings{Kurtenbach:1994:ULP:259963.260376,
 author = {Kurtenbach, Gordon and Buxton, William},
 title = {User learning and performance with marking menus},
 booktitle = {Proceedings of CHI},
 year = {1994},
 isbn = {0-89791-651-4},
 location = {Boston, Massachusetts, United States},
 pages = {258--264},
 acmid = {260376},
 publisher = {ACM},
 address = {New York, NY, USA},
}

@misc{Aggregat,
author={Daniel Dormann and Antonio de Luca and Andreas Unteidig},
 title = {{AGGREGAT} -- a gesture-based audio workstation},
 url = {http://aggregat.studio-no.de/},
 note = {Last checked March 2011}
}

@misc{GaragebandIpadDemo,
author={{Apple Inc.}},
 title = {Garage{B}and for i{P}ad 2 demo by {A}pple},
 url = {http://www.youtube.com/watch?v=ZMRTvU17dMI},
 note = {Last checked March 2011}
}

@misc{garage,
author={{Apple Inc.}},
 title = {Garage{B}and for i{P}ad},
 note = {Last checked March 2011},
url={http://itunes.apple.com/us/app/garageband/id408709785},
}

@misc{KinectConductingGameIdea,
author={Terriko},
 title = {Kinect Conductor},
 url = {http://terriko.dreamwidth.org/56993.html},
 note = {Last checked March 2011}
}

@book{Card:1983:PHI:578027,
 author = {Card, Stuart K. and Newell, Allen and Moran, Thomas P.},
 title = {The  Psychology of Human-Computer Interaction},
 year = {1983},
 isbn = {0898592437},
 publisher = {L. Erlbaum Associates Inc.},
 address = {Hillsdale, NJ, USA},
}

@article{Buxton:1985:ITT:325165.325239,
 author = {Buxton, William and Hill, Ralph and Rowley, Peter},
 title = {Issues and techniques in touch-sensitive tablet input},
 journal = {SIGGRAPH Computer Graphics},
 volume = {19},
 issue = {3},
 month = {July},
 year = {1985},
 issn = {0097-8930},
 pages = {215--224},
 numpages = {10},
 acmid = {325239},
 publisher = {ACM},
 address = {New York, NY, USA},
 keywords = {touch sensitive input devices},
}

@inproceedings{Buxton:1985:ITT:325334.325239,
 author = {Buxton, William and Hill, Ralph and Rowley, Peter},
 title = {Issues and techniques in touch-sensitive tablet input},
 booktitle = {Proceedings of the 12th annual conference on Computer graphics and interactive techniques},
 series = {Proceedings of SIGGRAPH},
 year = {1985},
 isbn = {0-89791-166-0},
 pages = {215--224},
 numpages = {10},
 acmid = {325239},
 publisher = {ACM},
 address = {New York, NY, USA},
 keywords = {touch sensitive input devices},
}

@inproceedings{Kurtenbach:1993:LEP:164632.164977,
 author = {Kurtenbach, Gordon and Buxton, William},
 title = {The limits of expert performance using hierarchic marking menus},
 booktitle = {Proceedings of INTERCHI},
 year = {1993},
 isbn = {90-5199-133-9},
 location = {Amsterdam, The Netherlands},
 pages = {482--487},
 numpages = {6},
 acmid = {164977},
 publisher = {IOS Press},
 address = {Amsterdam, The Netherlands},
}

@inproceedings{Naumann:2007:IUU:1784197.1784212,
 author = {Naumann, Anja and Hurtienne, J\"{o}rn and Israel, Johann Habakuk and Mohs, Carsten and Kindsm\"{u}ller, Martin Christof and Meyer, Herbert A. and Hu{\ss}lein, Steffi},
 title = {Intuitive use of user interfaces: defining a vague concept},
 booktitle = {Proceedings of EPCE},
 year = {2007},
 isbn = {978-3-540-73330-0},
 location = {Beijing, China},
 pages = {128--136},
 numpages = {9},
 acmid = {1784212},
 publisher = {Springer-Verlag},
 address = {Berlin, Heidelberg},
 keywords = {aesthetics, effectiveness, human-machine interaction, intuition, knowledge, non-conscious, usability, user interfaces},
}

@inproceedings{Wobbrock:2009:UGS:1518701.1518866,
 author = {Wobbrock, Jacob O. and Morris, Meredith Ringel and Wilson, Andrew D.},
 title = {User-defined gestures for surface computing},
 booktitle = {Proceedings of CHI},
 year = {2009},
 isbn = {978-1-60558-246-7},
 location = {Boston, MA, USA},
 pages = {1083--1092},
 numpages = {10},
 acmid = {1518866},
 publisher = {ACM},
 address = {New York, NY, USA},
 keywords = {gesture recognition, gestures, guessability, referents, signs, surface, tabletop, think-aloud},
}

@article{SalatBottomUpApproach,
 author = {Salat, Laurent},
 title = {Multitouch \& Natural User Interface: Opportunities for a Bottom-Up Approach},
 year = {2010},
 url = {http://www.tactineo.com/labs/papers/tg10-tactineo_en.pdf}
}

@inproceedings{Lepinski:2010:DEM:1753326.1753663,
 author = {Lepinski, G. Julian and Grossman, Tovi and Fitzmaurice, George},
 title = {The design and evaluation of multitouch marking menus},
 booktitle = {Proceedings of CHI},
 series = {CHI '10},
 year = {2010},
 isbn = {978-1-60558-929-9},
 location = {Atlanta, Georgia, USA},
 pages = {2233--2242},
 numpages = {10},
 acmid = {1753663},
 publisher = {ACM},
 address = {New York, NY, USA},
 keywords = {marking menus, multi-finger input, multi-touch displays},
}
